<record><leader>00000cas a22000007a 4500</leader><controlfield tag="001">20086758</controlfield><controlfield tag="008">890728d18961937mouwr ne      0    0eng d</controlfield><datafield ind1=" " ind2=" " tag="010"><subfield code="a">sn 89066860 </subfield></datafield><datafield ind1=" " ind2=" " tag="040"><subfield code="a">MQN</subfield><subfield code="b">eng</subfield><subfield code="c">MQN</subfield><subfield code="d">OCLCQ</subfield></datafield><datafield ind1=" " ind2=" " tag="042"><subfield code="a">msc</subfield></datafield><datafield ind1="0" ind2=" " tag="130"><subfield code="a">Benton County enterprise (Warsaw, Mo. : 1896)</subfield></datafield><datafield ind1="1" ind2="0" tag="245"><subfield code="a">Benton County enterprise.</subfield></datafield><datafield ind1=" " ind2=" " tag="260"><subfield code="a">Warsaw, Mo. :</subfield><subfield code="b">T.H. White,</subfield><subfield code="c">-1937.</subfield></datafield><datafield ind1=" " ind2=" " tag="300"><subfield code="a">v.</subfield></datafield><datafield ind1="1" ind2=" " tag="362"><subfield code="a">Began in 1896?</subfield></datafield><datafield ind1="0" ind2=" " tag="362"><subfield code="a">-29th year (Feb. 5, 1909) ; vol. 29, no. 7 (Feb. 12, 1909)-v. 57, no. 52 (Dec. 31, 1937).</subfield></datafield><datafield ind1=" " ind2=" " tag="515"><subfield code="a">Vol. and issue no. appear in pub. block, Dec. 23, 1898-Feb. 5, 1909.</subfield></datafield><datafield ind1=" " ind2=" " tag="580"><subfield code="a">Merged with: Warsaw times (Warsaw, Mo. : 1865), and: Cole Camp courier (Cole Camp, Mo. : 1893), to form: Benton County guide.</subfield></datafield><datafield ind1=" " ind2=" " tag="588"><subfield code="a">Description based on: 16th year (Jan. 17, 1896).</subfield></datafield><datafield ind1=" " ind2=" " tag="752"><subfield code="a">United States</subfield><subfield code="b">Missouri</subfield><subfield code="c">Benton</subfield><subfield code="d">Warsaw.</subfield></datafield><datafield ind1="0" ind2="0" tag="780"><subfield code="t">Missouri enterprise (Warsaw, Mo.)</subfield><subfield code="w">(DLC)sn 90061910</subfield></datafield><datafield ind1="1" ind2="7" tag="785"><subfield code="t">Warsaw times (Warsaw, Mo. : 1865)</subfield><subfield code="w">(DLC)sn 85034165</subfield></datafield><datafield ind1="1" ind2="7" tag="785"><subfield code="t">Cole Camp courier (Cole Camp, Mo. : 1893)</subfield><subfield code="w">(DLC)sn 89066861</subfield></datafield><datafield ind1="1" ind2="7" tag="785"><subfield code="t">Benton County guide</subfield><subfield code="w">(DLC)sn 89066859</subfield></datafield></record>